<record><leader>00000cas a22000007a 4500</leader><controlfield tag="001">10927842</controlfield><controlfield tag="008">840709d18411845hiusr ne      0    0haw d</controlfield><datafield ind1=" " ind2=" " tag="010"><subfield code="a">sn 84023737 </subfield></datafield><datafield ind1=" " ind2=" " tag="040"><subfield code="a">NOC</subfield><subfield code="b">eng</subfield><subfield code="c">NOC</subfield><subfield code="d">NPX</subfield><subfield code="d">HWN</subfield><subfield code="d">OCL</subfield><subfield code="d">OCLCG</subfield><subfield code="d">OCLCF</subfield><subfield code="d">OCLCO</subfield><subfield code="d">DLC</subfield></datafield><datafield ind1=" " ind2=" " tag="042"><subfield code="a">msc</subfield></datafield><datafield ind1=" " ind2=" " tag="043"><subfield code="a">n-us-hi</subfield></datafield><datafield ind1="0" ind2="0" tag="050"><subfield code="a">Newspaper</subfield></datafield><datafield ind1=" " ind2="4" tag="050"><subfield code="a">AP95.H2</subfield><subfield code="b">N3</subfield></datafield><datafield ind1="0" ind2="4" tag="242"><subfield code="a">The Ant.</subfield><subfield code="y">eng</subfield></datafield><datafield ind1="0" ind2="3" tag="245"><subfield code="a">Ka Nonanona.</subfield></datafield><datafield ind1=" " ind2=" " tag="260"><subfield code="a">Honolulu [Oahu, Hawaii] :</subfield><subfield code="b">R. Armstrong,</subfield><subfield code="c">1841-1845.</subfield></datafield><datafield ind1=" " ind2=" " tag="300"><subfield code="a">4 v. :</subfield><subfield code="b">ill. ;</subfield><subfield code="c">24 cm.</subfield></datafield><datafield ind1=" " ind2=" " tag="310"><subfield code="a">Semimonthly</subfield></datafield><datafield ind1="0" ind2=" " tag="362"><subfield code="a">Buke 1, pepa 1 (Iulai 6, 1841)-buke 4, pepa 24 (Maraki 18, 1845).</subfield></datafield><datafield ind1=" " ind2=" " tag="546"><subfield code="a">In Hawaiian.</subfield></datafield><datafield ind1=" " ind2=" " tag="500"><subfield code="a">Editor: Limaikaika [i.e., R. Armstrong].</subfield></datafield><datafield ind1=" " ind2="0" tag="651"><subfield code="a">Hawaii</subfield><subfield code="v">Newspapers.</subfield></datafield><datafield ind1=" " ind2="7" tag="651"><subfield code="a">Hawaii.</subfield><subfield code="2">fast</subfield><subfield code="0">(OCoLC)fst01208724</subfield></datafield><datafield ind1=" " ind2="7" tag="655"><subfield code="a">Newspapers.</subfield><subfield code="2">fast</subfield><subfield code="0">(OCoLC)fst01423814</subfield></datafield><datafield ind1="1" ind2=" " tag="700"><subfield code="a">Armstrong, Richard,</subfield><subfield code="d">1805-1860.</subfield></datafield><datafield ind1=" " ind2=" " tag="752"><subfield code="a">United States</subfield><subfield code="b">Hawaii</subfield><subfield code="c">Honolulu</subfield><subfield code="d">Honolulu.</subfield></datafield><datafield ind1="0" ind2="8" tag="776"><subfield code="i">Online version:</subfield><subfield code="t">Nonanona</subfield><subfield code="w">(OCoLC)656716538</subfield></datafield><datafield ind1="0" ind2="0" tag="785"><subfield code="t">Elele (Honolulu, Hawaii : 1845)</subfield><subfield code="w">(DLC)sn 85047265</subfield><subfield code="w">(OCoLC)12778412</subfield></datafield><datafield ind1=" " ind2=" " tag="936"><subfield code="a">1844/45</subfield></datafield><datafield ind1="1" ind2=" " tag="029"><subfield code="a">AU@</subfield><subfield code="b">000020129548</subfield></datafield></record>